@inproceedings{1,
  title={Oil Painting Rendering Changeable by Light Effect},
  author={K. J. Sungkuk Chun},
  organization={Soongsil University, HCI Lab}
}
@inproceedings{2,
  title={Scale and orientation adaptive mean shift tracking},
  author={Ning, J.; Zhang, L.; Zhang, D.; Wu, C.},
  booktitle={Computer Vision, IET , vol.6, no.1},
  pages={52,61},
  year={January 2012}
}
@inproceedings{3,
  title={Segmenting and representing background in color images},
  author={Qian Huang; Dom, B.; Megiddo, N.; Niblack, W.},
  booktitle={Proceedings of the 13th International Conference on Pattern Recognition},
  pages={13,17},
  year={August 1996}
}
@inproceedings{4,
  title={Colour image segmentation using adaptive mean shift filters},
  author={Gu, I.Y.-H.; Gui, V.},
  booktitle={International Conference on Image Processing, vol.1},
  pages={726,729},
  year={2001}
}
@inproceedings{5,
  title={Digital color halftoning},
  author={Baqai, F.A.; Je-Ho Lee; Agar, A.U.; Allebach, J.P.},
  booktitle={Signal Processing Magazine,IEEE,vol. 22},
  pages={87,96},
  year={Jan 2005}
}
@inproceedings{6,
  title={Adaptive methods for dithering color images},
  author={Akarun, L.; Yardunci, Y.; Cetin, A.E.},
  booktitle={IEEE Transactions on IEEE, vol.6, no.7},
  pages={950,955},
  year={Jan 1997}
}
@inproceedings{7,
  title={Canny edge detection codec using VLib on Davinci Series DSP},
  author={Akarun, L.; Yardunci, Y.; Cetin, A.E.},
  booktitle={ International Conference on Computer Science and Service System (CSSS)},
  pages={221,224},
  year={11-13 August 2012}
}
@inproceedings{8,
  title={Automatic illumination and color compensation using mean shift and sigma filter},
  author={Heechul Han; Kwanghoon Sohn},
  booktitle={2nd International Congress on Image and Signal Processing, CISP '09, vol.55, no.3 },
  pages={978,986},
  year={August 2009}
}
@inproceedings{9,
  title={Self-Adaptive Threshold Canny Operator in Color Image Edge Detection},
  author={Luo Tao; Xi-feng Zheng; Ding Tie-fu},
  booktitle={2nd International Congress on Image and Signal Processing, CISP '09},
  pages={1,4},
  year={17-19 October 2009}
}
@inproceedings{10,
  title={Adaptive mean-shift for automated multi object tracking},
  author={Beyan, C.; Temizel, A.},
  booktitle={Computer Vision IET, vol.6,no.1},
  pages={1,12},
  year={January 2012}
}
@inproceedings{11,
  title={A Parallel and Memory-Efficient Mean Shift Filter on a Regular Graph},
  author={Park, Sungchan; Ha, Youngmin; Hong Jeong},
  booktitle={The 2007 International Conference on Intelligent Pervasive Computing},
  pages={254,259},
  year={Oct 2007}
}
@inproceedings{12,
  title={A background separation method of nonuniform image segmentation},
  author={Liu Junqiang; Gao Jianming; Shen Qingming; Tian Junwei},
  booktitle={4th IEEE Conference on Industrial Electronics and Applications, ICIEA 2009.},
  pages={3049,3053},
  year={May 2009}
}
@inproceedings{13,
  title={Computational Color Constancy: Survey and Experiments},
  author={Gijsenij, Arjan; Gevers, Theo; Weijer, Joost V.D.},
  booktitle={IEEE Transactions On Image Processing},
  year={2010}
}